@BOOK{search_1,
title={Создание приложения Windows Forms с помощью .NET Framework (C++) [{Э}лектронный ресурс]},
note={URL:~\url{https://learn.microsoft.com/ru-ru/previous-versions/ms235634(v=vs.100)?redirectedfrom=MSDN} (Дата обращения 30.12.2024)},
language = {russian}
}

@BOOK{search_2,
title={Рекурсивные функции [{Э}лектронный ресурс]},
note={URL:~\url{https://learn.microsoft.com/ru-ru/cpp/c-language/recursive-functions?view=msvc-170} (Дата обращения 30.12.2024)},
language = {russian}
}

@BOOK{search_3,
title={ErrorProvider Class [{Э}лектронный ресурс]},
note={URL:~\url{https://learn.microsoft.com/en-us/dotnet/api/system.windows.forms.errorprovider?view=windowsdesktop-8.0} (Дата обращения 30.12.2024). Загл. с экр. Яз. англ.},
language = {russian}
}

@BOOK{search_4,
title={Button Class [{Э}лектронный ресурс]},
note={URL:~\url{https://learn.microsoft.com/en-us/dotnet/api/system.windows.forms.button?view=netframework-4.0} (Дата обращения 30.12.2024). Загл. с экр. Яз. англ.},
language = {russian}
}

@BOOK{search_5,
title={DataGridView Класс [{Э}лектронный ресурс]},
note={URL:~\url{https://learn.microsoft.com/ru-ru/dotnet/api/system.windows.forms.datagridview?view=netframework-4.0} (Дата обращения 04.01.2025). Загл. с экр. Яз. англ.},
language = {russian}
}

@BOOK{search_6,
title={Пошаговое руководство. Умножение матриц [{Э}лектронный ресурс]},
note={URL:~\url{https://learn.microsoft.com/ru-ru/cpp/parallel/amp/walkthrough-matrix-multiplication?view=msvc-170} (Дата обращения 04.01.2025). Загл. с экр. Яз. англ.},
language = {russian}
}

@BOOK{search_7,
title={SaveFileDialog Класс [{Э}лектронный ресурс]},
note={URL:~\url{https://learn.microsoft.com/ru-ru/dotnet/api/system.windows.forms.savefiledialog?view=netframework-4.0} (Дата обращения 04.01.2025). Загл. с экр. Яз. англ.},
language = {russian}
}

@BOOK{search_8,
title={OpenFileDialog Класс [{Э}лектронный ресурс]},
note={URL:~\url{https://learn.microsoft.com/ru-ru/dotnet/api/system.windows.forms.openfiledialog?view=netframework-4.0} (Дата обращения 04.01.2025). Загл. с экр. Яз. англ.},
language = {russian}
}

@BOOK{bookc++tat,
  author       = {Т. А. Павловская},
  title        = {С/С++. Программирование на языке высокого уровня},
  publisher    = {Питер},
  address      = {Санкт - Перербург},
  year         = {2010},
  language     = {russian},
}

@BOOK{bookc++bern,
  author       = {Бьерн Страуструп },
  title        = {Программирование. Принципы и практика использования C++},
  publisher    = {ЛитРес},
  address      = {Москва},
  year         = {2022},
  language     = {russian},
}

