@online{search1,
  title = {Программирование в Unity},
  url = {https://unity.com/ru/solutions/programming},
  urldate = {09.06.2025},
  note = {[Электронный ресурс]. Загл. с экр. Яз. рус.},
  language = {russian}
}

@online{search2,
  title    = {How Unreal Engine 4 Will Change The Next Games You Play},
    url={https://web.archive.org/web/20121024091239/http://kotaku.com/5916859/how-unreal-engine-4-will-change-the-next-games-you-play},
    urldate = {11.06.2025},
    note = {[Электронный ресурс]. Загл. с экр. Яз. анг.},
    language = {russian}
 
}

@online{search3,
  title = {Sandbox},
  url = {https://web.archive.org/web/20120301145415/http://mycryengine.com/index.php?conid=53},
  urldate = {11.06.2025},
  note = {[Электронный ресурс]. Загл. с экр. Яз. анг.},
  language = {russian}
}

@online{search4,
  title = {File system},
  url = {https://docs.godotengine.org/en/stable/tutorials/scripting/filesystem.html},
  urldate = {11.06.2025},
  note = {[Электронный ресурс]. Загл. с экр. Яз. анг.},
  language = {russian}
}


@book{gamemakerstudio,
  title     = {The GameMaker Standard},
  author    = {David, Vinciguerra and Andrew, Howell},
  publisher = {CRC Press},
  address   = {Boca Raton},
  year      = {2015},
}

@book{slavick,
  title     = {Славянские мифы от Велеса и Мокоши до Птицы Сирин и Ивана Купалы},
  author    = {Баркова, A},
  publisher = {МИФ},
  address   = {Москва},
  year      = {2021},
  language = {russian},
}

@book{gamedes,
  title     = {Andrew Rollings and Ernest Adams on Game Design},
  author    = {Andrew, Rollings and Ernest, Adams},
  publisher = {New Riders},
  address   = {Indianapolis},
  year      = {2003},
}


@online{search5,
  title    = {Create a Tile Palette},
    url={https://docs.unity3d.com/6000.1/Documentation/Manual/tilemaps/tile-palettes/create-tile-palette.html},
    urldate = {25.06.2025},
    note = {[Электронный ресурс]. Загл. с экр. Яз. анг.},
    language = {russian}
 
}

@online{search6,
  title    = {Холст (Canvas)},
    url={https://docs.unity3d.com/ru/2019.4/Manual/class-Canvas.html},
    urldate = {25.06.2025},
    note = {[Электронный ресурс]. Загл. с экр. Яз. рус.},
    language = {russian}
}

@book{test,
  title     = {Тестирование программного обеспечения. Базовый курс. 3-е издание},
  author    = {Куликов, C},
  publisher = {Четыре четверти},
  address   = {Минск},
  year      = {2020},
  language = {russian},
}
